%% This BibTeX bibliography file was created using BibDesk.
%% http://bibdesk.sourceforge.net/

%% Created for Steven Paley at 2016-09-11 23:21:56 -0400 


%% Saved with string encoding Unicode (UTF-8) 



@book{DUMMY1,
	Author = {John Doe},
	Date-Added = {2016-09-09 22:27:59 +0000},
	Date-Modified = {2016-09-12 03:21:50 +0000},
	Publisher = {Dummy publisher},
	Title = {The Book without Title},
	Year = {2100}}
